@misc{SSCWeb,
  author = {SSCWeb},
  title = {SSCWeb User Guide},
  howpublished = {\url{https://sscweb.gsfc.nasa.gov/users_guide/Appendix_C.shtml}},
  note = {Accessed: 2025-02-19},
  year = {2025}
}

@misc{SSCWebCoordinateCalculator,
  author = {SSCWeb},
  title = {SSCWeb Coordinate Calculator},
  howpublished = {\url{https://sscweb.gsfc.nasa.gov/cgi-bin/CoordCalculator.cgi}},
  note = {Accessed: 2025-02-19},
  year = {2025}
}

@inbook{Seitz2014,
  title = {Geometrical Reference Systems},
  ISBN = {9783642277931},
  DOI = {10.1007/978-3-642-27793-1_79-2},
  booktitle = {Handbook of Geomathematics},
  publisher = {Springer Berlin Heidelberg},
  author = {Seitz,  Manuela and Angermann,  Detlef and Gerstl,  Michael and Bloßfeld,  Mathis and Sánchez,  Laura and Seitz,  Florian},
  year = {2014},
  pages = {1–35}
}

% https://www.google.com/books/edition/Explanatory_Supplement_to_the_Astronomic/uJ4JhGJANb4C?hl=en
% https://archive.org/details/131123ExplanatorySupplementAstronomicalAlmanac
@book{Seidelmann1992,
  title={{Explanatory Supplement to the Astronomical Almanac}},
  author={Seidelmann, P.K. and United States Naval Observatory. Nautical Almanac Office and Great Britain. Nautical Almanac Office},
  isbn={9781891389450},
  lccn={91065331},
  series={{Explanatory Supplement to the Astronomical Almanac}},
  year={1992},
  publisher={University Science Books}
}

% https://babel.hathitrust.org/cgi/pt?id=uiug.30112105115718&seq=11
@book{USNO1990,
  title={Almanac for Computers},
  author={Doggett, L. E. and Tangren, W. J. and Panossian, S.P.},
  lccn={84640564},
  year={1990},
  publisher={Nautical Almanac Office, United States Naval Observatory}
}

@article{Mueller1985,
  title = {Reference coordinate systems and frames: Concepts and realization},
  volume = {59},
  ISSN = {1432-1394},
  DOI = {10.1007/bf02520609},
  number = {2},
  journal = {Journal of Geodesy},
  publisher = {Springer Science and Business Media LLC},
  author = {Mueller,  Ivan I.},
  year = {1985},
  pages = {181–188}
}


@inbook{Kovalevsky1981,
  title = {{Comments on Conventional Terrestrial and Quasi-Inertial Reference Systems}},
  ISBN = {9789400984561},
  ISSN = {0067-0057},
  DOI = {10.1007/978-94-009-8456-1_48},
  booktitle = {{Reference Coordinate Systems for Earth Dynamics}},
  publisher = {Springer Netherlands},
  author = {Kovalevsky,  Jean and Mueller,  Ivan I.},
  year = {1981},
  pages = {375–384}
}

@misc{SSCWebProvenance,
    author={SSCWeb},
    title={SSCWeb Data Provenance Table},
    howpublished={\url{https://sscweb.gsfc.nasa.gov/sscweb_data_provenance.html}},
    note = {Accessed: 2025-03-20},
    year = {2025}
}

@misc{USNOICRS,
    author={USNO},
    title={{International Celestial Reference System (ICRS)}},
    howpublished={\url{https://aa.usno.navy.mil/faq/ICRS_doc}},
    note = {Accessed: 2025-03-20},
    year = {2025}
}
@misc{Angelopoulos2024,
  doi = {10.5281/ZENODO.14919975},
  url = {https://zenodo.org/doi/10.5281/zenodo.14919975},
  author = {Angelopoulos,  Vassilis and Lewis,  Jim and McTiernan,  James and Grimes,  Eric and Russell,  Cindy and Drozdov,  Alexander and Cruce,  Patrick and Hatzigeorgiu,  Nick and Wu,  Jiashu and Larson,  Davin and McFadden,  James and Flores,  Aaron},
  keywords = {heliophysics,  ACE,  ARASE,  ERG,  CDF,  CLUSTER,  coordinates,  data access,  DSCOVR,  EQUATOR-S,  FAST,  GEOTAIL,  heliosphere,  IMAGE,  Kyoto Dst,  line plots,  magnetosphere,  MAVEN,  MICA,  MMS,  plotting,  spectrogram plots,  POES,  POLAR,  PSP,  Parker Solar Probe,  SOLO,  Solar Orbiter,  THEMIS,  ARTEMIS,  RBSP,  Van Allen Probes,  WIND,  HAPI,  cdaweb,  magnetic field modeling,  geomagnetic,  solar wind,  space weather,  GOES,  KOMPSAT,  particles,  plasma,  moments,  akebono,  BARREL,  ELFIN,  ICON,  IUGONET,  GMAG,  ground magnetometer,  aurora,  fields,  AACGM,  DAS2,  GUI},
  language = {en},
  title = {{SPEDAS (Space Physics Environment Data Analysis System)}},
  publisher = {Zenodo},
  year = {2024},
  copyright = {MIT License}
}

@misc{Tsyganenko2008,
    author = {Tsyganenko, N.A.},
    title = {{Geopack 2008}},
    year = 2008,
    note = {Accessed: 2025-04-16},
    howpublished = {\url{https://geo.phys.spbu.ru/~tsyganenko/empirical-models/coordinate_systems/geopack/}},
    }
@misc{CelesTrakFAQ,
  author = {{CelesTrak Satellite Times}},
  title = {{More Frequently Asked Questions}},
  howpublished = {\url{https://celestrak.org/columns/v04n05/}},
  note = {Accessed: 2025-03-20},
  year = {1998}
}

@ARTICLE{Petit2010,
       author = {{Petit}, G{\'e}rard and {Luzum}, Brian},
        title = {{IERS Conventions (2010)}},
      journal = {IERS Technical Note},
         year = 2010,
        month = jan,
       volume = {36},
        pages = {1},
       adsurl = {https://ui.adsabs.harvard.edu/abs/2010ITN....36....1P},
      adsnote = {Provided by the SAO/NASA Astrophysics Data System}
}


@misc{CelesTrak,
  author = {CelesTrak},
  title = {{Satellite Tracking Software}},
  howpublished = {\url{https://celestrak.org/software/tskelso-sw.php}},
  note = {Accessed: 2025-03-20},
  year = {2025}
}


@misc{NTRS1970,
  author = {NASA},
  title = {{Coordinate transformations used in OGO satellite data analysis}},
  howpublished = {\url{https://ntrs.nasa.gov/citations/19700010008}},
  note = {Accessed: 2025-02-19},
  year = {1970}
}

@misc{NASA1965,
  author = {NASA},
  title = {{Coordinate systems for the space shuttle program}},
  howpublished = {\url{https://ntrs.nasa.gov/citations/19740026178}},
  note = {Accessed: 2025-04-29},
  year = {1965}
}

@article{Fricke1985,
  title = {{Fundamental catalogues, past, present and future}},
  volume = {36},
  ISSN = {1572-9478},
  url = {http://dx.doi.org/10.1007/BF01230737},
  DOI = {10.1007/bf01230737},
  number = {3},
  journal = {Celestial Mechanics},
  publisher = {Springer Science and Business Media LLC},
  author = {Fricke,  W.},
  year = {1985},
  month = jul,
  pages = {207–239}
}

@article{Fricke1988,
    author = {Fricke, W., H. Schwan, T. Lederle, et al.},
    title = {{Fifth Fundamental Catalogue (FK5). Part 1. The Basic Fundamental Stars}},
    journal = {Veroeffentlichungen des Astronomischen Rechen-Instituts Heidelberg},
    volume = {32},
    pages = {1–106},
    year = {1988}
}

@book{Murray2017,
  author = {Murray, Richard M. and Li, Zexiang and Sastry, S. Shankar},
  title = {{A Mathematical Introduction to Robotic Manipulation}},
  year = {1994},
  publisher = {CRC Press},
  isbn = {978-0-8493-7981-9},
  url = {http://www.cds.caltech.edu/~murray/mlswiki},
}

@misc{ROCOTLIB,
    author = {Robert, S.},
    title = {{Cluster Software Tools Part I - Coordinate Transformations Library}},
    year = 1993,
    howpublished = {\url{https://www.lpp.polytechnique.fr/IMG/pdf/1993_robert_dtcrpe1231_rocotlib.pdf}}
}

@misc{NAIFGeneral2025,
    author = {NAIF},    
    title = {{SPICE Toolkit General Documentation}},
    howpublished = {\url{https://naif.jpl.nasa.gov/naif/documentation.html}},
    year = 2025
}
@misc{JPLHorizons,
    author = {JPL},
    title = {{JPL Horizons manual}},
    howpublished = {\url{https://ssd.jpl.nasa.gov/horizons/manual.html}},
    year = {2022}
}

@misc{NAIFOverview2023,
    author = {NAIF},    
    title = {{An Overview of Reference Frames and Coordinate Systems in the SPICE Context}},
    howpublished = {\url{https://naif.jpl.nasa.gov/pub/naif/toolkit_docs/Tutorials/pdf/individual_docs/17_frames_and_coordinate_systems.pdf}},
    year = 2023
}

@misc{NAIFFrames2025,
    author = {NAIF},
    title = {{SPICE Toolkit Frames Documentation}},
    howpublished = {\url{https://naif.jpl.nasa.gov/pub/naif/toolkit_docs/C/req/frames.html}},
    year = 2025
}

@article{Charlot2020,
  title = {{The third realization of the International Celestial Reference Frame by very long baseline interferometry}},
  volume = {644},
  ISSN = {1432-0746},
  url = {http://dx.doi.org/10.1051/0004-6361/202038368},
  DOI = {10.1051/0004-6361/202038368},
  journal = {Astronomy &amp; Astrophysics},
  publisher = {EDP Sciences},
  author = {Charlot,  P. and Jacobs,  C. S. and Gordon,  D. and Lambert,  S. and de Witt,  A. and B\"{o}hm,  J. and Fey,  A. L. and Heinkelmann,  R. and Skurikhina,  E. and Titov,  O. and Arias,  E. F. and Bolotin,  S. and Bourda,  G. and Ma,  C. and Malkin,  Z. and Nothnagel,  A. and Mayer,  D. and MacMillan,  D. S. and Nilsson,  T. and Gaume,  R.},
  year = {2020},
  month = dec,
  pages = {A159}
}

@article{Franz2002,
  title = {{Heliospheric coordinate systems}},
  volume = {50},
  ISSN = {0032-0633},
  url = {http://dx.doi.org/10.1016/S0032-0633(01)00119-2},
  DOI = {10.1016/s0032-0633(01)00119-2},
  number = {2},
  journal = {Planetary and Space Science},
  publisher = {Elsevier BV},
  author = {Fr\"{a}nz,  M. and Harper,  D.},
  year = {2002},
  month = feb,
  pages = {217–233}
}

@article{Laundal2016,
  title = {{Magnetic Coordinate Systems}},
  volume = {206},
  ISSN = {1572-9672},
  url = {http://dx.doi.org/10.1007/s11214-016-0275-y},
  DOI = {10.1007/s11214-016-0275-y},
  number = {1–4},
  journal = {Space Science Reviews},
  publisher = {Springer Science and Business Media LLC},
  author = {Laundal,  K. M. and Richmond,  A. D.},
  year = {2016},
  month = jul,
  pages = {27–59}
}

@article{Russell1971,
    title = {{Geophysical coordinate transformations}},
    author = {Russell, C.T.},
    journal = {Cosmic Electrodynamics},
    number = {2},
    pages = {184-196},
    year = {1971},
    publisher = {D. Reidel, Publishing Company Dordrecht-Holland}
}

@article{Hapgood1992,
  title = {{Space physics coordinate transformations: A user guide}},
  volume = {40},
  ISSN = {0032-0633},
  url = {http://dx.doi.org/10.1016/0032-0633(92)90012-D},
  DOI = {10.1016/0032-0633(92)90012-d},
  number = {5},
  journal = {Planetary and Space Science},
  publisher = {Elsevier BV},
  author = {Hapgood, M.A.},
  year = {1992},
  month = may,
  pages = {711–717}
}

@article{Hapgood1995,
  title = {{Space physics coordinate transformations: the role of precession}},
  volume = {13},
  ISSN = {1432-0576},
  url = {http://dx.doi.org/10.1007/s00585-995-0713-8},
  DOI = {10.1007/s00585-995-0713-8},
  number = {7},
  journal = {Annales Geophysicae},
  publisher = {Copernicus GmbH},
  author = {Hapgood, M.A.},
  year = {1995},
  month = jul,
  pages = {713–716}
}

@inbook{Acton1997,
  title = {{NASA’s SPICE System Models the Solar System}},
  ISBN = {9789401155342},
  url = {http://dx.doi.org/10.1007/978-94-011-5534-2_34},
  DOI = {10.1007/978-94-011-5534-2_34},
  booktitle = {Dynamics and Astrometry of Natural and Artificial Celestial Bodies},
  publisher = {Springer Netherlands},
  author = {Acton,  Charles H.},
  year = {1997},
  pages = {257–262}
}

@misc{MMS2024,
    author = {{NASA}},
    title = {{Magnetospheric Multiscale (MMS) Project Calibration and Measurement Algorithms Document (CMAD), Version 2.1}},
    url = {https://lasp.colorado.edu/mms/sdc/public/MMS%20CMAD%20v9Sept2024.pdf},
    year = {2024}
}

@article{Niehof2022, title={{The SpacePy space science package at 12 years}}, author={Niehof, Jonathan T and Morley, Steven K and Welling, Daniel T and Larsen, Brian A}, journal={Frontiers in Astronomy and Space Sciences}, volume={9}, year={2022}, doi={10.3389/fspas.2022.1023612}, publisher={Frontiers} }

@misc{NORADSGP4c,
    title = {{The March 19th, 2002 c translation of the NORAD SGP4 Pascal Library}},
    author = {D. Brodowski},
    year = {2002},
    note = {Accessed: 2025-04-01},
    howpublished = {\url{http://www.brodo.de/english/pub/sgp/}}
}

@misc{SpacePy,
  doi = {10.5281/ZENODO.3252523},
  url = {https://zenodo.org/doi/10.5281/zenodo.3252523},
  author = {Morley,  Steven K. and Niehof,  Jonathan T. and Welling,  Daniel T. and Larsen,  Brian A. and Brunet,  Antoine and Engel,  Miles A. and Gieseler,  Jan and Haiducek,  John and Henderson,  Michael and Hendry,  Aaron and Hirsch,  Michael and Killick,  Peter and Koller,  Josef and Merrill,  Asher and Rastatter,  Lutz and Reimer,  Ashton and Shih,  Albert Y. and Stricklan,  Amanda},
  title = {{SpacePy}},
  publisher = {Zenodo},
  year = {2024},
  copyright = {Creative Commons Attribution 4.0 International}
}

@article{Mueller1985,
  title = {{Reference coordinate systems and frames: Concepts and realization}},
  volume = {59},
  ISSN = {1432-1394},
  url = {http://dx.doi.org/10.1007/BF02520609},
  DOI = {10.1007/bf02520609},
  number = {2},
  journal = {Journal of Geodesy},
  publisher = {Springer Science and Business Media LLC},
  author = {Mueller,  I.I.},
  year = {1985},
  month = jun,
  pages = {181–188}
}
@misc{SunPy,
  doi = {10.5281/ZENODO.14292170},
  url = {https://zenodo.org/doi/10.5281/zenodo.14292170},
  author = {Stuart J. Mumford,   and Nabil Freij,   and David Stansby,   and Steven Christe,   and Albert Y. Shih,   and Jack Ireland,   and Florian Mayer,   and V. Keith Hughitt,   and Daniel F. Ryan,   and Simon Liedtke,   and Will Barnes,   and Laura Hayes,   and David Pérez-Suárez,   and Vishnunarayan K I.,   and Pritish Chakraborty,   and Andrew Inglis,   and Punyaslok Pattnaik,   and Brigitta Sipőcz,   and Conor MacBride,   and Rishabh Sharma,   and Andrew Leonard,   and Russell Hewett,   and Alex Hamilton,   and Abhijeet Manhas,   and Asish Panda,   and Matt Earnshaw,   and Nitin Choudhary,   and Ankit Kumar,   and Raahul Singh,   and Prateek Chanda,   and Md Akramul Haque,   and Alasdair Wilson,   and Michael S Kirk,   and Shane Maloney,   and Michael Mueller,   and Sudarshan Konge,   and Matt Wentzel-Long,   and Rajul Srivastava,   and Samuel Bennett,   and Yash Jain,   and Lazar Zivadinovic,   and Ankit Baruah,   and Quinn Arbolante,   and Trestan F. Simon,   and Michael Charlton,   and Sashank Mishra,   and Jeffrey Aaron Paul,   and Akash Verma,   and Nicky Chorley,   and Aryan Chouhan,   and Chris R. Gilly,   and Himanshu,   and James Paul Mason,   and Sanskar Modi,   and Yash Sharma,   and Naman9639,   and Monica Bobra,   and Akshit Tyagi,   and Jose Ivan Campos Rozo,   and Larry Manley,   and Kateryna Ivashkiv,   and Timo Laitinen,   and Agneet Chatterjee,   and Ansh Dixit,   and Jan Gieseler,   and Jayraj Dulange,   and Johan Freiherr von Forstner,   and Juanjo Bazán,   and Kris Akira Stern,   and Aryan Shukla,   and John Evans,   and Sarthak Jain,   and Michael Malocha,   and Sourav Ghosh,   and Airmansmith97,   and Dominik Stańczak,   and Manit Singh,   and Rajiv Ranjan Singh,   and Ruben De Visscher,   and Shresth Verma,   and Sophie Lemos,   and Ankit Agrawal,   and Arib Alam,   and Aritra Sinha,   and Brett J Graham,   and Dumindu Buddhika,   and Hannah Collier,   and Himanshu Pathak,   and Jai Ram Rideout,   and Swapnil Sharma,   and Daniel Garcia Briseno,   and Harsh Shah,   and Jongyeob Park,   and Matt Bates,   and Devansh Shukla,   and Marius Giger,   and Pankaj Mishra,   and Deepankar Sharma,   and Dhruv Goel,   and Garrison Taylor,   and Goran Cetusic,   and Guntbert Reiter,   and Jacob,   and Mateo Inchaurrandieta,   and Piyush Sharma,   and Sally Dacie,   and Sanjeev Dubey,   and Arthur Eigenbrot,   and Benjamin Mampaey,   and Erik Bray,   and Nick Murphy,   and Rutuja Surve,   and Serge Zahniy,   and Sudeep Sidhu,   and Tomas Meszaros,   and Utkarsh Parkhi,   and William Russell,   and Abhigyan Bose,   and Abhishek Pandey,   and Adrian Price-Whelan,   and Ahmed Hossam,   and Amogh Jahagirdar,   and André Chicrala,   and Aniket Mishra,   and Ankit,   and Chloé Guennou,   and Daniel D'Avella,   and Daniel Williams,   and Dipanshu Verma,   and Jordan Ballew,   and Krish Agrawal,   and Mubin Manasia,   and Neeraj Kulkarni,   and Nischal Singh,   and Priyank Lodha,   and Samuel J. Van Kooten,   and Shivansh Mishra,   and Thomas Robitaille,   and Tom Augspurger,   and Yash Krishan,   and Abijith Bahuleyan,   and Adwait Bhope,   and Amarjit Singh Gaba,   and Andrew Hill,   and Bernhard M. Wiedemann,   and Carlos Molina,   and Duygu Keşkek,   and Ishtyaq Habib,   and Joseph Letts,   and Karthikeyan Singaravelan,   and Kritika Ranjan,   and Mridul Pandey,   and Noah Altunian,   and Ole Streicher,   and Reid Gomillion,   and Samriddhi Agarwal,   and Yash Kothari,   and Yash Malik,   and Yukie Nomiya,   and Zach Burnett,   and Abigail L. Stevens,   and Akhoury Shauryam,   and Alex Kaszynski,   and Alex Wang,   and Ambar Mehrotra,   and Andy Tang,   and Anubhav Sinha,   and Arfon Smith,   and Arseniy Kustov,   and Ashish Bastola,   and Brandon Stone,   and Chris Bard,   and Clément Robert,   and Ed Behn,   and Ed Mansky,   and Emmanuel Arias,   and Enrico Paganin,   and Erik Tollerud,   and Fionnlagh Mackenzie Dover,   and Freek Verstringe,   and Ghaith Kdimati,   and Gulshan Kumar,   and Harsh Mathur,   and Igor Babuschkin,   and James Calixto,   and Jaylen Wimbish,   and Jia Qing,   and Juan Camilo Buitrago-Casas,   and Kalpesh Krishna,   and Kaustubh Chaudhari,   and Kaustubh Hiware,   and Koustav Ghosh,   and Kurt McKee,   and Manas Mangaonkar,   and Mark Cheung,   and Matthew Mendero,   and Megh Dedhia,   and Mickaël Schoentgen,   and Mika,   and Mouloudi Mohamed Lyes,   and Nakul Shahdadpuri,   and Naveen Srinivasan,   and Norbert G Gyenge,   and OussCHE,   and Paul J. Wright,   and Rajasekhar Reddy Mekala,   and Ratul Das,   and Rehan Chalana,   and Rishabh Mishra,   and Rohan Sharma,   and Samuel T. Badman,   and Shashank Srikanth,   and Shubham Jain,   and Sijie Yu,   and Sirjan Hansda,   and Suleiman Farah,   and Swapnil Kannojia,   and Syed Md Mihan Chistie,   and Tan Jia Qing,   and Tannmay Yadav,   and Tathagata Paul,   and Tessa D. Wilkinson,   and Thomas A Caswell,   and Thomas Braccia,   and Tiago M. D. Pereira,   and Tim Gates,   and Trung Kien Dang,   and Varun Bankar,   and William Jamieson,   and Yudhik Agrawal,   and graham,   and pradeep,   and resakra,   and yasintoda,   and Raphael Attie,   and Sophie A. Murray,  },
  title = {{sunpy: A Core Package for Solar Physics}},
  publisher = {Zenodo},
  year = {2024},
  copyright = {BSD 2-Clause "Simplified" License}
}

@misc{IRBEM2022,
  doi = {10.5281/ZENODO.6867552},
  url = {https://zenodo.org/record/6867552},
  author = {Boscher,  Daniel and Bourdarie,  Sebastien and O'Brien,  Paul and Guild,  Tim and Heynderickx,  Daniel and Morley,  Steve and Kellerman,  Adam and Roth,  Christopher and Evans,  Hugh and Brunet,  Antoine and Shumko,  Mykhaylo and Lemon,  Colby and Claudepierre,  Seth and Nilsson,  Thomas and De Donder,  Erwin and Friedel,  Reiner and Huston,  Stu and {Kyungguk Min} and Drozdov,  Alexander and {IRBEM Contributor Community}},
  title = {{PRBEM/IRBEM: v5.0.0}},
  publisher = {Zenodo},
  year = {2022},
  copyright = {GNU Lesser General Public License v3.0 only}
}

@article{Grimes2022,
  title = {{The Space Physics Environment Data Analysis System in Python}},
  volume = {9},
  ISSN = {2296-987X},
  url = {http://dx.doi.org/10.3389/fspas.2022.1020815},
  DOI = {10.3389/fspas.2022.1020815},
  journal = {Frontiers in Astronomy and Space Sciences},
  publisher = {Frontiers Media SA},
  author = {Grimes,  Eric W. and Harter,  Bryan and Hatzigeorgiu,  Nick and Drozdov,  Alexander and Lewis,  James W. and Angelopoulos,  Vassilis and Cao,  Xin and Chu,  Xiangning and Hori,  Tomo and Matsuda,  Shoya and Jun,  Chae-Woo and Nakamura,  Satoko and Kitahara,  Masahiro and Segawa,  Tomonori and Miyoshi,  Yoshizumi and Le Contel,  Olivier},
  year = {2022},
  month = oct 
}

@article{AstroPy2022,
  title = {{The Astropy Project: Sustaining and Growing a Community-oriented Open-source Project and the Latest Major Release (v5.0) of the Core Package}},
  volume = {935},
  ISSN = {1538-4357},
  url = {http://dx.doi.org/10.3847/1538-4357/ac7c74},
  DOI = {10.3847/1538-4357/ac7c74},
  number = {2},
  journal = {The Astrophysical Journal},
  publisher = {American Astronomical Society},
  author = {Price-Whelan,  Adrian M. and Lim,  Pey Lian and Earl,  Nicholas and Starkman,  Nathaniel and Bradley,  Larry and Shupe,  David L. and Patil,  Aarya A. and Corrales,  Lia and Brasseur,  C. E. and N\"{o}the,  Maximilian and Donath,  Axel and Tollerud,  Erik and Morris,  Brett M. and Ginsburg,  Adam and Vaher,  Eero and Weaver,  Benjamin A. and Tocknell,  James and Jamieson,  William and van Kerkwijk,  Marten H. and Robitaille,  Thomas P. and Merry,  Bruce and Bachetti,  Matteo and G\"{u}nther,  H. Moritz and Aldcroft,  Thomas L. and Alvarado-Montes,  Jaime A. and Archibald,  Anne M. and Bódi,  Attila and Bapat,  Shreyas and Barentsen,  Geert and Bazán,  Juanjo and Biswas,  Manish and Boquien,  Médéric and Burke,  D. J. and Cara,  Daria and Cara,  Mihai and Conroy,  Kyle E and Conseil,  Simon and Craig,  Matthew W. and Cross,  Robert M. and Cruz,  Kelle L. and D’Eugenio,  Francesco and Dencheva,  Nadia and Devillepoix,  Hadrien A. R. and Dietrich,  J\"{o}rg P. and Eigenbrot,  Arthur Davis and Erben,  Thomas and Ferreira,  Leonardo and Foreman-Mackey,  Daniel and Fox,  Ryan and Freij,  Nabil and Garg,  Suyog and Geda,  Robel and Glattly,  Lauren and Gondhalekar,  Yash and Gordon,  Karl D. and Grant,  David and Greenfield,  Perry and Groener,  Austen M. and Guest,  Steve and Gurovich,  Sebastian and Handberg,  Rasmus and Hart,  Akeem and Hatfield-Dodds,  Zac and Homeier,  Derek and Hosseinzadeh,  Griffin and Jenness,  Tim and Jones,  Craig K. and Joseph,  Prajwel and Kalmbach,  J. Bryce and Karamehmetoglu,  Emir and Kałuszyński,  Mikołaj and Kelley,  Michael S. P. and Kern,  Nicholas and Kerzendorf,  Wolfgang E. and Koch,  Eric W. and Kulumani,  Shankar and Lee,  Antony and Ly,  Chun and Ma,  Zhiyuan and MacBride,  Conor and Maljaars,  Jakob M. and Muna,  Demitri and Murphy,  N. A. and Norman,  Henrik and O’Steen,  Richard and Oman,  Kyle A. and Pacifici,  Camilla and Pascual,  Sergio and Pascual-Granado,  J. and Patil,  Rohit R. and Perren,  Gabriel I and Pickering,  Timothy E. and Rastogi,  Tanuj and Roulston,  Benjamin R. and Ryan,  Daniel F and Rykoff,  Eli S. and Sabater,  Jose and Sakurikar,  Parikshit and Salgado,  Jesús and Sanghi,  Aniket and Saunders,  Nicholas and Savchenko,  Volodymyr and Schwardt,  Ludwig and Seifert-Eckert,  Michael and Shih,  Albert Y. and Jain,  Anany Shrey and Shukla,  Gyanendra and Sick,  Jonathan and Simpson,  Chris and Singanamalla,  Sudheesh and Singer,  Leo P. and Singhal,  Jaladh and Sinha,  Manodeep and Sipőcz,  Brigitta M. and Spitler,  Lee R. and Stansby,  David and Streicher,  Ole and Šumak,  Jani and Swinbank,  John D. and Taranu,  Dan S. and Tewary,  Nikita and Tremblay,  Grant R. and Val-Borro,  Miguel de and Van Kooten,  Samuel J. and Vasović,  Zlatan and Verma,  Shresth and de Miranda Cardoso,  José Vinícius and Williams,  Peter K. G. and Wilson,  Tom J. and Winkel,  Benjamin and Wood-Vasey,  W. M. and Xue,  Rui and Yoachim,  Peter and Zhang,  Chen and Zonca,  Andrea},
  year = {2022},
  month = aug,
  pages = {167}
}